@article{orb_slam,
  author    = {Raul Mur{-}Artal and
               J. M. M. Montiel and
               Juan D. Tard{\'{o}}s},
  title     = {{ORB-SLAM:} a Versatile and Accurate Monocular {SLAM} System},
  journal   = {CoRR},
  volume    = {abs/1502.00956},
  year      = {2015},
  url       = {http://arxiv.org/abs/1502.00956},
  archivePrefix = {arXiv},
  eprint    = {1502.00956},
  timestamp = {Mon, 13 Aug 2018 16:47:39 +0200},
  biburl    = {https://dblp.org/rec/journals/corr/Mur-ArtalMT15.bib},
  bibsource = {dblp computer science bibliography, https://dblp.org}
}

@inproceedings{orb,
  author    = {Ethan Rublee and
               Vincent Rabaud and
               Kurt Konolige and
               Gary R. Bradski},
  editor    = {Dimitris N. Metaxas and
               Long Quan and
               Alberto Sanfeliu and
               Luc Van Gool},
  title     = {{ORB:} An efficient alternative to {SIFT} or {SURF}},
  booktitle = {{IEEE} International Conference on Computer Vision, {ICCV} 2011, Barcelona,
               Spain, November 6-13, 2011},
  pages     = {2564--2571},
  publisher = {{IEEE} Computer Society},
  year      = {2011},
  url       = {https://doi.org/10.1109/ICCV.2011.6126544},
  doi       = {10.1109/ICCV.2011.6126544},
  timestamp = {Wed, 16 Oct 2019 14:14:51 +0200},
  biburl    = {https://dblp.org/rec/conf/iccv/RubleeRKB11.bib},
  bibsource = {dblp computer science bibliography, https://dblp.org}
}

@article{direct_odometry,
  author    = {Jakob Engel and
               Vladlen Koltun and
               Daniel Cremers},
  title     = {Direct Sparse Odometry},
  journal   = {CoRR},
  volume    = {abs/1607.02565},
  year      = {2016},
  url       = {http://arxiv.org/abs/1607.02565},
  archivePrefix = {arXiv},
  eprint    = {1607.02565},
  timestamp = {Mon, 13 Aug 2018 16:47:16 +0200},
  biburl    = {https://dblp.org/rec/journals/corr/EngelKC16.bib},
  bibsource = {dblp computer science bibliography, https://dblp.org}
}

@article{isam2,
  author    = {Michael Kaess and
               Hordur Johannsson and
               Richard Roberts and
               Viorela Ila and
               John J. Leonard and
               Frank Dellaert},
  title     = {iSAM2: Incremental smoothing and mapping using the Bayes tree},
  journal   = {Int. J. Robotics Res.},
  volume    = {31},
  number    = {2},
  pages     = {216--235},
  year      = {2012},
  url       = {https://doi.org/10.1177/0278364911430419},
  doi       = {10.1177/0278364911430419},
  timestamp = {Thu, 17 Sep 2020 12:03:01 +0200},
  biburl    = {https://dblp.org/rec/journals/ijrr/KaessJRILD12.bib},
  bibsource = {dblp computer science bibliography, https://dblp.org}
}

@article{nerf,
  author    = {Ben Mildenhall and
               Pratul P. Srinivasan and
               Matthew Tancik and
               Jonathan T. Barron and
               Ravi Ramamoorthi and
               Ren Ng},
  title     = {NeRF: Representing Scenes as Neural Radiance Fields for View Synthesis},
  journal   = {CoRR},
  volume    = {abs/2003.08934},
  year      = {2020},
  url       = {https://arxiv.org/abs/2003.08934},
  archivePrefix = {arXiv},
  eprint    = {2003.08934},
  timestamp = {Tue, 24 Mar 2020 16:42:29 +0100},
  biburl    = {https://dblp.org/rec/journals/corr/abs-2003-08934.bib},
  bibsource = {dblp computer science bibliography, https://dblp.org}
}

@inproceedings{imap,
    title={{iMAP}: Implicit Mapping and Positioning in Real-Time},
    author={Edgar Sucar and Shikun Liu and Joseph Ortiz and Andrew Davison},
    booktitle={arXiv preprint arXiv:2103.12352},
    year={2021},
  }

@article{replica19arxiv,
  title =   {The {R}eplica Dataset: A Digital Replica of Indoor Spaces},
  author =  {Julian Straub and Thomas Whelan and Lingni Ma and Yufan Chen and Erik Wijmans and Simon Green and Jakob J. Engel and Raul Mur-Artal and Carl Ren and Shobhit Verma and Anton Clarkson and Mingfei Yan and Brian Budge and Yajie Yan and Xiaqing Pan and June Yon and Yuyang Zou and Kimberly Leon and Nigel Carter and Jesus Briales and  Tyler Gillingham and  Elias Mueggler and Luis Pesqueira and Manolis Savva and Dhruv Batra and Hauke M. Strasdat and Renzo De Nardi and Michael Goesele and Steven Lovegrove and Richard Newcombe },
  journal = {arXiv preprint arXiv:1906.05797},
  year =    {2019}
}
